@online{casper2011pkuthss,
	title={pkuthss: LaTeX template for dissertations in Peking University},
	url={https://gitea.com/CasperVector/pkuthss},
	author={Casper Ti. Vector},
	urldate={2011-06-26},
	year={2011}
}

@article{devlin2018bert,
	title={Bert: Pre-training of deep bidirectional transformers for language understanding},
	author={Devlin, Jacob and Chang, Ming-Wei and Lee, Kenton and Toutanova, Kristina},
	journal={Proceedings of the 2019 Conference of the North {A}merican Chapter of the Association for Computational Linguistics: Human Language Technologies, Volume 1 (Long and Short Papers)},
	year={2019}
}

@inproceedings{yang2019xlnet,
	author = {Yang, Zhilin and Dai, Zihang and Yang, Yiming and Carbonell, Jaime and Salakhutdinov, Russ R and Le, Quoc V},
	booktitle = {Advances in Neural Information Processing Systems},
	editor = {H. Wallach and H. Larochelle and A. Beygelzimer and F. d\textquotesingle Alch\'{e}-Buc and E. Fox and R. Garnett},
	pages = {},
	publisher = {Curran Associates, Inc.},
	title = {XLNet: Generalized Autoregressive Pretraining for Language Understanding},
	url = {https://proceedings.neurips.cc/paper/2019/file/dc6a7e655d7e5840e66733e9ee67cc69-Paper.pdf},
	volume = {32},
	year = {2019}
}

@book{gut2013probability,
	title={Probability: a graduate course},
	author={Gut, Allan},
	volume={75},
	year={2013},
	publisher={Springer Science \& Business Media}
}

@book{liu2003uncertain,
  title={不确定规划及应用},
  author={刘宝碇},
  volume={1},
  year={2003},
  publisher={清华大学出版社有限公司}
}

@book{qiu2020nndl,
    title = {神经网络与深度学习},
    publisher = {机械工业出版社},
    year = {2020},
    author = {邱锡鹏},
    address = {北京},
    isbn = {9787111649687},
    url = {https://nndl.github.io/},
}

% vim:ts=4:sw=4
%%%%%%%%%%%%%%%%%%%%%%%%%%%%%%%%%%%%%%%%%%%
% 作業內容
%%%%%%%%%%%%%%%%%%%%%%%%%%%%%%%%%%%%%%%%%%%

@article{garcia2020admd,
  title={Learning with privileged information via adversarial discriminative modality distillation},
  author={Garcia, Nuno and Morerio, Pietro and Murino, Vittorio},
  journal={IEEE Transactions on Pattern Analysis and Machine Intelligence},
  year={2019}
}
%%%%%%%%%

@article{wang2021m2tr,
  title={M2tr: Multi-modal multi-scale transformers for deepfake detection},
  author={Wang, Junke and Wu, Zuxuan and Chen, Jingjing and Jiang, Yu-Gang},
  journal={arXiv preprint arXiv:2104.09770},
  year={2021}
}
@INPROCEEDINGS{9383529,
  author={Huang, Chien-yu and Lin, Yist Y. and Lee, Hung-yi and Lee, Lin-shan},
  booktitle={2021 IEEE Spoken Language Technology Workshop (SLT)}, 
  title={Defending Your Voice: Adversarial Attack on Voice Conversion}, 
  year={2021},
  volume={},
  number={},
  pages={552-559},
  doi={10.1109/SLT48900.2021.9383529}}
@inproceedings{khan2021video,
  title={Video Transformer for Deepfake Detection with Incremental Learning},
  author={Khan, Sohail Ahmed and Dai, Hang},
  booktitle={Proceedings of the 29th ACM International Conference on Multimedia},
  pages={1821--1828},
  year={2021}
}
@article{zeinali2019detecting,
  title={Detecting spoofing attacks using vgg and sincnet: but-omilia submission to asvspoof 2019 challenge},
  author={Zeinali, Hossein and Stafylakis, Themos and Athanasopoulou, Georgia and Rohdin, Johan and Gkinis, Ioannis and Burget, Luk{\'a}{\v{s}} and {\v{C}}ernock{\`y}, Jan and others},
  journal={arXiv preprint arXiv:1907.12908},
  year={2019}
}
@article{yang2021attacks,
  title={Attacks on state-of-the-art face recognition using attentional adversarial attack generative network},
  author={Yang, Lu and Song, Qing and Wu, Yingqi},
  journal={Multimedia Tools and Applications},
  volume={80},
  number={1},
  pages={855--875},
  year={2021},
  publisher={Springer}
}
@inproceedings{marra2018detection,
  title={Detection of gan-generated fake images over social networks},
  author={Marra, Francesco and Gragnaniello, Diego and Cozzolino, Davide and Verdoliva, Luisa},
  booktitle={2018 IEEE Conference on Multimedia Information Processing and Retrieval (MIPR)},
  pages={384--389},
  year={2018},
  organization={IEEE}
}
@article{hasan2019combating,
  title={Combating deepfake videos using blockchain and smart contracts},
  author={Hasan, Haya R and Salah, Khaled},
  journal={Ieee Access},
  volume={7},
  pages={41596--41606},
  year={2019},
  publisher={IEEE}
}
