@online{casper2011pkuthss,
	title={pkuthss: LaTeX template for dissertations in Peking University},
	url={https://gitea.com/CasperVector/pkuthss},
	author={Casper Ti. Vector},
	urldate={2011-06-26},
	year={2011}
}

@article{devlin2018bert,
	title={Bert: Pre-training of deep bidirectional transformers for language understanding},
	author={Devlin, Jacob and Chang, Ming-Wei and Lee, Kenton and Toutanova, Kristina},
	journal={Proceedings of the 2019 Conference of the North {A}merican Chapter of the Association for Computational Linguistics: Human Language Technologies, Volume 1 (Long and Short Papers)},
	year={2019}
}

@inproceedings{yang2019xlnet,
	author = {Yang, Zhilin and Dai, Zihang and Yang, Yiming and Carbonell, Jaime and Salakhutdinov, Russ R and Le, Quoc V},
	booktitle = {Advances in Neural Information Processing Systems},
	editor = {H. Wallach and H. Larochelle and A. Beygelzimer and F. d\textquotesingle Alch\'{e}-Buc and E. Fox and R. Garnett},
	pages = {},
	publisher = {Curran Associates, Inc.},
	title = {XLNet: Generalized Autoregressive Pretraining for Language Understanding},
	url = {https://proceedings.neurips.cc/paper/2019/file/dc6a7e655d7e5840e66733e9ee67cc69-Paper.pdf},
	volume = {32},
	year = {2019}
}

@book{gut2013probability,
	title={Probability: a graduate course},
	author={Gut, Allan},
	volume={75},
	year={2013},
	publisher={Springer Science \& Business Media}
}

@book{liu2003uncertain,
  title={不确定规划及应用},
  author={刘宝碇},
  volume={1},
  year={2003},
  publisher={清华大学出版社有限公司}
}

@book{qiu2020nndl,
    title = {神经网络与深度学习},
    publisher = {机械工业出版社},
    year = {2020},
    author = {邱锡鹏},
    address = {北京},
    isbn = {9787111649687},
    url = {https://nndl.github.io/},
}

% vim:ts=4:sw=4
%%%%%%%%%%%%%%%%%%%%%%%%%%%%%%%%%%%%%%%%%%%
% 作業內容
%%%%%%%%%%%%%%%%%%%%%%%%%%%%%%%%%%%%%%%%%%%

@article{garcia2020admd,
  title={Learning with privileged information via adversarial discriminative modality distillation},
  author={Garcia, Nuno and Morerio, Pietro and Murino, Vittorio},
  journal={IEEE Transactions on Pattern Analysis and Machine Intelligence},
  year={2019}
}
%%%%%%%%%

% s0
@unknown{unknown,
author = {Nguyen, Thanh and Nguyen, Cuong M. and Nguyen, Tien and Nguyen, Duc and Nahavandi, Saeid},
year = {2019},
month = {09},
pages = {},
title = {Deep Learning for Deepfakes Creation and Detection: A Survey}
}

% s1
@article{almars2021deepfakes,
  title={Deepfakes detection techniques using deep learning: a survey},
  author={Almars, Abdulqader M},
  journal={Journal of Computer and Communications},
  volume={9},
  number={5},
  pages={20--35},
  year={2021},
  publisher={Scientific Research Publishing}
}

% s2
@article{wang2021m2tr,
  title={M2tr: Multi-modal multi-scale transformers for deepfake detection},
  author={Wang, Junke and Wu, Zuxuan and Chen, Jingjing and Jiang, Yu-Gang},
  journal={arXiv preprint arXiv:2104.09770},
  year={2021}
}

% s3
@article{coccomini2021combining,
  title={Combining efficientnet and vision transformers for video deepfake detection},
  author={Coccomini, Davide and Messina, Nicola and Gennaro, Claudio and Falchi, Fabrizio},
  journal={arXiv preprint arXiv:2107.02612},
  year={2021}
}

%s4
@inproceedings{khan2021video,
  title={Video Transformer for Deepfake Detection with Incremental Learning},
  author={Khan, Sohail Ahmed and Dai, Hang},
  booktitle={Proceedings of the 29th ACM International Conference on Multimedia},
  pages={1821--1828},
  year={2021}
}
% law1
@Article{law01,
title = {第二波人工智慧知识学习与生产对法学的挑战 — 资讯、科技与社会研究及法学的对话},
author = {邱文聪},
 year = {2021},
 month = {11},
 publisher = {元照出版公司}
}

% law2
@Article{law02,
title = {初探人工智慧与生命伦理之关系},
author = {吴全峰},
 year = {2021},
 month = {11},
 publisher = {元照出版公司}
}

% law3
@Article{law03,
title = {初探目的解释在法律人工智慧系统之运用可能},
author = {陈弘儒},
 year = {2021},
 month = {11},
 publisher = {元照出版公司}
}

% law4
@Article{law04,
title = {AI 时代之分裂社会与民主 — 以美国法之表意自由与观念市场自由竞争理论为中心},
author = {陈柏良},
 year = {2021},
 month = {11},
 publisher = {元照出版公司}
}

% law5
@Article{law05,
title = {AI 个资争议在英国与欧盟之经验 — 以Google DeepMind 一案为例},
author = {何之行、廖贞},
 year = {2021},
 month = {11},
 publisher = {元照出版公司}
}

% law6
@Article{law06,
title = {人工智慧在金融业的应用 — 论数位金融与一般个人资料保护规则之适用与冲突},
author = {黄相博},
 year = {2021},
 month = {11},
 publisher = {元照出版公司}
}

% law7
@Article{law07,
title = {人工智慧时代下的国际人权法 ─ 规范与制度的韧性探索与再建构},
author = {林勤富、李怡俐},
 year = {2021},
 month = {11},
 publisher = {元照出版公司}
}

% law8
@Article{law08,
title = {人工智慧时代下的金融监理议题 ─ 以理财机器人监理为例},
author = {杨岳平},
 year = {2021},
 month = {11},
 publisher = {元照出版公司}
}

% law9
@Article{law09,
title = {人工智慧时代下的证券监理 ─ 以智能合约在区块链技术的应用出发},
author = {郑瑞健},
 year = {2021},
 month = {11},
 publisher = {元照出版公司}
}

% law10
@Article{law10,
title = {人工智慧科技对于专利侵权法制的冲击与因应之道 ─ 以责任归属为中心},
author = {沈宗伦},
 year = {2021},
 month = {11},
 publisher = {元照出版公司}
}

% law11
@Article{law11,
title = {人工智慧创作与著作权之相关问题},
author = {王怡苹},
 year = {2021},
 month = {11},
 publisher = {元照出版公司}
}

% l1-0
@Article{2021496,
title = {深度伪造与检测技术综述},
author = {李旭嵘,纪守领,吴春明,刘振广,邓水光,程鹏,杨珉,孔祥维},
 journal = {软件学报},
 volume = {32},
 number = {2},
 pages = {496},
 numpages = {23.0000},
 year = {2021},
 month = {},
 doi = {10.13328/j.cnki.jos.006140},
 publisher = {科学出版社}
}

% l1-1
@inproceedings{wu2012study,
  title={A study on spoofing attack in state-of-the-art speaker verification: the telephone speech case},
  author={Wu, Zhizheng and Kinnunen, Tomi and Chng, Eng Siong and Li, Haizhou and Ambikairajah, Eliathamby},
  booktitle={Proceedings of The 2012 Asia Pacific Signal and Information Processing Association Annual Summit and Conference},
  pages={1--5},
  year={2012},
  organization={IEEE}
}

% l1-2
@inproceedings{wu2012detecting,
  title={Detecting converted speech and natural speech for anti-spoofing attack in speaker recognition},
  author={Wu, Zhizheng and Chng, Eng Siong and Li, Haizhou},
  booktitle={Thirteenth Annual Conference of the International Speech Communication Association},
  year={2012}
}

% l1-3
@inproceedings{das2019long,
  title={Long range acoustic and deep features perspective on ASVspoof 2019},
  author={Das, Rohan Kumar and Yang, Jichen and Li, Haizhou},
  booktitle={2019 IEEE Automatic Speech Recognition and Understanding Workshop (ASRU)},
  pages={1018--1025},
  year={2019},
  organization={IEEE}
}

% l1-4
@article{zeinali2019detecting,
  title={Detecting spoofing attacks using vgg and sincnet: but-omilia submission to asvspoof 2019 challenge},
  author={Zeinali, Hossein and Stafylakis, Themos and Athanasopoulou, Georgia and Rohdin, Johan and Gkinis, Ioannis and Burget, Luk{\'a}{\v{s}} and {\v{C}}ernock{\`y}, Jan and others},
  journal={arXiv preprint arXiv:1907.12908},
  year={2019}
}

% l1-5
@inproceedings{schorkhuber2010constant,
  title={Constant-Q transform toolbox for music processing},
  author={Sch{\"o}rkhuber, Christian and Klapuri, Anssi},
  booktitle={7th sound and music computing conference, Barcelona, Spain},
  pages={3--64},
  year={2010}
}

% l1-6
@inproceedings{gomez2019light,
  title={A light convolutional GRU-RNN deep feature extractor for ASV spoofing detection},
  author={Gomez-Alanis, Alejandro and Peinado, Antonio M and Gonzalez, Jose A and Gomez, Angel M},
  booktitle={Proc. Interspeech},
  volume={2019},
  pages={1068--1072},
  year={2019}
}

% l1-7
@inproceedings{chen2020generalization,
  title={Generalization of audio deepfake detection},
  author={Chen, Tianxiang and Kumar, Avrosh and Nagarsheth, Parav and Sivaraman, Ganesh and Khoury, Elie},
  booktitle={Proc. Odyssey 2020 The Speaker and Language Recognition Workshop},
  pages={132--137},
  year={2020}
}

% l1-8
@inproceedings{li2019anti,
  title={Anti-Spoofing Speaker Verification System with Multi-Feature Integration and Multi-Task Learning.},
  author={Li, Rongjin and Zhao, Miao and Li, Zheng and Li, Lin and Hong, Qingyang},
  booktitle={Interspeech},
  pages={1048--1052},
  year={2019}
}

% l1-9
@inproceedings{goswami2018unravelling,
  title={Unravelling robustness of deep learning based face recognition against adversarial attacks},
  author={Goswami, Gaurav and Ratha, Nalini and Agarwal, Akshay and Singh, Richa and Vatsa, Mayank},
  booktitle={Proceedings of the AAAI Conference on Artificial Intelligence},
  volume={32},
  number={1},
  year={2018}
}

% l1-10
@article{parkhi2015deep,
  title={Deep face recognition},
  author={Parkhi, Omkar M and Vedaldi, Andrea and Zisserman, Andrew},
  year={2015},
  publisher={British Machine Vision Association}
}

% l1-11
@inproceedings{baltruvsaitis2016openface,
  title={Openface: an open source facial behavior analysis toolkit},
  author={Baltru{\v{s}}aitis, Tadas and Robinson, Peter and Morency, Louis-Philippe},
  booktitle={2016 IEEE Winter Conference on Applications of Computer Vision (WACV)},
  pages={1--10},
  year={2016},
  organization={IEEE}
}

% l1-12
@article{li2019adversarial,
  title={Adversarial examples versus cloud-based detectors: A black-box empirical study},
  author={Li, Xurong and Ji, Shouling and Han, Meng and Ji, Juntao and Ren, Zhenyu and Liu, Yushan and Wu, Chunming},
  journal={IEEE Transactions on Dependable and Secure Computing},
  volume={18},
  number={4},
  pages={1933--1949},
  year={2019},
  publisher={IEEE}
}

% l1-13
@inproceedings{dong2019efficient,
  title={Efficient decision-based black-box adversarial attacks on face recognition},
  author={Dong, Yinpeng and Su, Hang and Wu, Baoyuan and Li, Zhifeng and Liu, Wei and Zhang, Tong and Zhu, Jun},
  booktitle={Proceedings of the IEEE/CVF Conference on Computer Vision and Pattern Recognition},
  pages={7714--7722},
  year={2019}
}

% l1-14
@article{yang2021attacks,
  title={Attacks on state-of-the-art face recognition using attentional adversarial attack generative network},
  author={Yang, Lu and Song, Qing and Wu, Yingqi},
  journal={Multimedia Tools and Applications},
  volume={80},
  number={1},
  pages={855--875},
  year={2021},
  publisher={Springer}
}

% l1-15
@inproceedings{majumdar2019evading,
  title={Evading face recognition via partial tampering of faces},
  author={Majumdar, Puspita and Agarwal, Akshay and Singh, Richa and Vatsa, Mayank},
  booktitle={Proceedings of the IEEE/CVF Conference on Computer Vision and Pattern Recognition Workshops},
  pages={0--0},
  year={2019}
}

% l1-16
@article{korshunov2019vulnerability,
  title={Vulnerability of face recognition to deep morphing},
  author={Korshunov, Pavel and Marcel, S{\'e}bastien},
  journal={arXiv preprint arXiv:1910.01933},
  year={2019}
}

% l1-17
@inproceedings{schroff2015facenet,
  title={Facenet: A unified embedding for face recognition and clustering},
  author={Schroff, Florian and Kalenichenko, Dmitry and Philbin, James},
  booktitle={Proceedings of the IEEE conference on computer vision and pattern recognition},
  pages={815--823},
  year={2015}
}

% l1-18
@article{szegedy2013intriguing,
  title={Intriguing properties of neural networks},
  author={Szegedy, Christian and Zaremba, Wojciech and Sutskever, Ilya and Bruna, Joan and Erhan, Dumitru and Goodfellow, Ian and Fergus, Rob},
  journal={arXiv preprint arXiv:1312.6199},
  year={2013}
}

% l1-19
@article{goodfellow2014explaining,
  title={Explaining and harnessing adversarial examples},
  author={Goodfellow, Ian J and Shlens, Jonathon and Szegedy, Christian},
  journal={arXiv preprint arXiv:1412.6572},
  year={2014}
}

% l1-20
@incollection{kurakin2018adversarial,
  title={Adversarial examples in the physical world},
  author={Kurakin, Alexey and Goodfellow, Ian J and Bengio, Samy},
  booktitle={Artificial intelligence safety and security},
  pages={99--112},
  year={2018},
  publisher={Chapman and Hall/CRC}
}

% l1-21
@incollection{kurakin2018adversarial,
  title={Adversarial examples in the physical world},
  author={Kurakin, Alexey and Goodfellow, Ian J and Bengio, Samy},
  booktitle={Artificial intelligence safety and security},
  pages={99--112},
  year={2018},
  publisher={Chapman and Hall/CRC}
}

% l1-22
@article{neves2020ganprintr,
  title={Ganprintr: Improved fakes and evaluation of the state of the art in face manipulation detection},
  author={Neves, Joao C and Tolosana, Ruben and Vera-Rodriguez, Ruben and Lopes, Vasco and Proen{\c{c}}a, Hugo and Fierrez, Julian},
  journal={IEEE Journal of Selected Topics in Signal Processing},
  volume={14},
  number={5},
  pages={1038--1048},
  year={2020},
  publisher={IEEE}
}

% l1-23
@inproceedings{marra2018detection,
  title={Detection of gan-generated fake images over social networks},
  author={Marra, Francesco and Gragnaniello, Diego and Cozzolino, Davide and Verdoliva, Luisa},
  booktitle={2018 IEEE Conference on Multimedia Information Processing and Retrieval (MIPR)},
  pages={384--389},
  year={2018},
  organization={IEEE}
}

% l1-24
@inproceedings{zhang2019detecting,
  title={Detecting and simulating artifacts in gan fake images},
  author={Zhang, Xu and Karaman, Svebor and Chang, Shih-Fu},
  booktitle={2019 IEEE International Workshop on Information Forensics and Security (WIFS)},
  pages={1--6},
  year={2019},
  organization={IEEE}
}

% l1-25
@article{du2019towards,
  title={Towards generalizable forgery detection with locality-aware autoencoder},
  author={Du, Mengnan and Pentyala, Shiva and Li, Yuening and Hu, Xia},
  year={2019}
}

% l1-26
@inproceedings{huang2020security,
  title={Security of facial forensics models against adversarial attacks},
  author={Huang, Rong and Fang, Fuming and Nguyen, Huy H and Yamagishi, Junichi and Echizen, Isao},
  booktitle={2020 IEEE International Conference on Image Processing (ICIP)},
  pages={2236--2240},
  year={2020},
  organization={IEEE}
}

% l1-27
@article{hall2018deepfake,
  title={Deepfake videos: When seeing isn't believing},
  author={Hall, Holly Kathleen},
  journal={Cath. UJL \& Tech},
  volume={27},
  pages={51},
  year={2018},
  publisher={HeinOnline}
}

% l1-28
@article{hasan2019combating,
  title={Combating deepfake videos using blockchain and smart contracts},
  author={Hasan, Haya R and Salah, Khaled},
  journal={Ieee Access},
  volume={7},
  pages={41596--41606},
  year={2019},
  publisher={IEEE}
}

% l1-29
@online{list1029,
    title     = "The law of California to Deepfake.",
    url       = "https://leginfo.legislature.ca.gov/faces/billTextClient.xhtml?bill_id=201920200AB730"
}

% l1-30
@online{list1030,
    title     = "Regulations of China Internet Information Office on the control of online content.",
    url       = "http://www.cac.gov.cn/2019-12/20/c_1578375159509309.htm"
}

% l1-31
@article{nataraj2019detecting,
  title={Detecting GAN generated fake images using co-occurrence matrices},
  author={Nataraj, Lakshmanan and Mohammed, Tajuddin Manhar and Manjunath, BS and Chandrasekaran, Shivkumar and Flenner, Arjuna and Bappy, Jawadul H and Roy-Chowdhury, Amit K},
  journal={Electronic Imaging},
  volume={2019},
  number={5},
  pages={532--1},
  year={2019},
  publisher={Society for Imaging Science and Technology}
}

% l1-32
@article{li2020identification,
  title={Identification of deep network generated images using disparities in color components},
  author={Li, Haodong and Li, Bin and Tan, Shunquan and Huang, Jiwu},
  journal={Signal Processing},
  volume={174},
  pages={107616},
  year={2020},
  publisher={Elsevier}
}

% l1-33
@inproceedings{xuan2019generalization,
  title={On the generalization of GAN image forensics},
  author={Xuan, Xinsheng and Peng, Bo and Wang, Wei and Dong, Jing},
  booktitle={Chinese conference on biometric recognition},
  pages={134--141},
  year={2019},
  organization={Springer}
}

% l1-34
@article{mccloskey2018detecting,
  title={Detecting gan-generated imagery using color cues},
  author={McCloskey, Scott and Albright, Michael},
  journal={arXiv preprint arXiv:1812.08247},
  year={2018}
}

% l1-35
@inproceedings{marra2019gans,
  title={Do gans leave artificial fingerprints?},
  author={Marra, Francesco and Gragnaniello, Diego and Verdoliva, Luisa and Poggi, Giovanni},
  booktitle={2019 IEEE Conference on Multimedia Information Processing and Retrieval (MIPR)},
  pages={506--511},
  year={2019},
  organization={IEEE}
}

% l1-36
@inproceedings{yu2019attributing,
  title={Attributing fake images to gans: Learning and analyzing gan fingerprints},
  author={Yu, Ning and Davis, Larry S and Fritz, Mario},
  booktitle={Proceedings of the IEEE/CVF international conference on computer vision},
  pages={7556--7566},
  year={2019}
}

% l1-37
@article{wang1909fakespotter,
  title={Fakespotter: A simple baseline for spotting ai-synthesized fake faces. arXiv 2019},
  author={Wang, R and Ma, L and Juefei-Xu, F and Xie, X and Wang, J and Liu, Y},
  journal={arXiv preprint arXiv:1909.06122}
}

% l1-38
@inproceedings{chollet2017xception,
  title={Xception: Deep learning with depthwise separable convolutions},
  author={Chollet, Fran{\c{c}}ois},
  booktitle={Proceedings of the IEEE conference on computer vision and pattern recognition},
  pages={1251--1258},
  year={2017}
}

% l1-39
@article{songsri2019complement,
  title={Complement face forensic detection and localization with faciallandmarks},
  author={Songsri-in, Kritaphat and Zafeiriou, Stefanos},
  journal={arXiv preprint arXiv:1910.05455},
  year={2019}
}

% l1-40
@inproceedings{nguyen2019capsule,
  title={Capsule-forensics: Using capsule networks to detect forged images and videos},
  author={Nguyen, Huy H and Yamagishi, Junichi and Echizen, Isao},
  booktitle={ICASSP 2019-2019 IEEE International Conference on Acoustics, Speech and Signal Processing (ICASSP)},
  pages={2307--2311},
  year={2019},
  organization={IEEE}
}

% l1-41
@article{simonyan2014very,
  title={Very deep convolutional networks for large-scale image recognition},
  author={Simonyan, Karen and Zisserman, Andrew},
  journal={arXiv preprint arXiv:1409.1556},
  year={2014}
}

% l1-42
@inproceedings{mo2018fake,
  title={Fake faces identification via convolutional neural network},
  author={Mo, Huaxiao and Chen, Bolin and Luo, Weiqi},
  booktitle={Proceedings of the 6th ACM workshop on information hiding and multimedia security},
  pages={43--47},
  year={2018}
}

% l1-43
@article{durall2019unmasking,
  title={Unmasking deepfakes with simple features},
  author={Durall, Ricard and Keuper, Margret and Pfreundt, Franz-Josef and Keuper, Janis},
  journal={arXiv preprint arXiv:1911.00686},
  year={2019}
}

% l1-44
@article{ding2020swapped,
  title={Swapped face detection using deep learning and subjective assessment},
  author={Ding, Xinyi and Raziei, Zohreh and Larson, Eric C and Olinick, Eli V and Krueger, Paul and Hahsler, Michael},
  journal={EURASIP Journal on Information Security},
  volume={2020},
  number={1},
  pages={1--12},
  year={2020},
  publisher={SpringerOpen}
}

% l1-45
@article{cozzolino2018forensictransfer,
  title={Forensictransfer: Weakly-supervised domain adaptation for forgery detection},
  author={Cozzolino, Davide and Thies, Justus and R{\"o}ssler, Andreas and Riess, Christian and Nie{\ss}ner, Matthias and Verdoliva, Luisa},
  journal={arXiv preprint arXiv:1812.02510},
  year={2018}
}

% l1-46
@article{nguyen2019multi,
  title={Multi-task learning for detecting and segmenting manipulated facial images and videos},
  author={Nguyen, Huy H and Fang, Fuming and Yamagishi, Junichi and Echizen, Isao},
  journal={arXiv preprint arXiv:1906.06876},
  year={2019}
}

% l1-47
@inproceedings{hsu2018learning,
  title={Learning to detect fake face images in the wild},
  author={Hsu, Chih-Chung and Lee, Chia-Yen and Zhuang, Yi-Xiu},
  booktitle={2018 International Symposium on Computer, Consumer and Control (IS3C)},
  pages={388--391},
  year={2018},
  organization={IEEE}
}

% l1-48
@article{hsu2020deep,
  title={Deep fake image detection based on pairwise learning},
  author={Hsu, Chih-Chung and Zhuang, Yi-Xiu and Lee, Chia-Yen},
  journal={Applied Sciences},
  volume={10},
  number={1},
  pages={370},
  year={2020},
  publisher={Multidisciplinary Digital Publishing Institute}
}

% l1-49
@article{dang2018deep,
  title={Deep learning based computer generated face identification using convolutional neural network},
  author={Dang, L Minh and Hassan, Syed Ibrahim and Im, Suhyeon and Lee, Jaecheol and Lee, Sujin and Moon, Hyeonjoon},
  journal={Applied Sciences},
  volume={8},
  number={12},
  pages={2610},
  year={2018},
  publisher={Multidisciplinary Digital Publishing Institute}
}

% l1-50
@inproceedings{bayar2016deep,
  title={A deep learning approach to universal image manipulation detection using a new convolutional layer},
  author={Bayar, Belhassen and Stamm, Matthew C},
  booktitle={Proceedings of the 4th ACM workshop on information hiding and multimedia security},
  pages={5--10},
  year={2016}
}

% l1-51
@inproceedings{dang2020detection,
  title={On the detection of digital face manipulation},
  author={Dang, Hao and Liu, Feng and Stehouwer, Joel and Liu, Xiaoming and Jain, Anil K},
  booktitle={Proceedings of the IEEE/CVF Conference on Computer Vision and Pattern recognition},
  pages={5781--5790},
  year={2020}
}

% l1-52
@inproceedings{rahmouni2017distinguishing,
  title={Distinguishing computer graphics from natural images using convolution neural networks},
  author={Rahmouni, Nicolas and Nozick, Vincent and Yamagishi, Junichi and Echizen, Isao},
  booktitle={2017 IEEE Workshop on Information Forensics and Security (WIFS)},
  pages={1--6},
  year={2017},
  organization={IEEE}
}

% l1-53
@inproceedings{li2020fighting,
  title={Fighting against deepfake: Patch\&pair convolutional neural networks (PPCNN)},
  author={Li, Xurong and Yu, Kun and Ji, Shouling and Wang, Yan and Wu, Chunming and Xue, Hui},
  booktitle={Companion Proceedings of the Web Conference 2020},
  pages={88--89},
  year={2020}
}

% l1-54
@inproceedings{brockschmidt2019generality,
  title={On the generality of facial forgery detection},
  author={Brockschmidt, Joshua and Shang, Jiacheng and Wu, Jie},
  booktitle={2019 IEEE 16th International Conference on Mobile Ad Hoc and Sensor Systems Workshops (MASSW)},
  pages={43--47},
  year={2019},
  organization={IEEE}
}

% l1-55
@inproceedings{sohrawardi2019poster,
  title={Poster: Towards robust open-world detection of deepfakes},
  author={Sohrawardi, Saniat Javid and Chintha, Akash and Thai, Bao and Seng, Sovantharith and Hickerson, Andrea and Ptucha, Raymond and Wright, Matthew},
  booktitle={Proceedings of the 2019 ACM SIGSAC Conference on Computer and Communications Security},
  pages={2613--2615},
  year={2019}
}

% l1-56
@inproceedings{agarwal2019protecting,
  title={Protecting World Leaders Against Deep Fakes.},
  author={Agarwal, Shruti and Farid, Hany and Gu, Yuming and He, Mingming and Nagano, Koki and Li, Hao},
  booktitle={CVPR workshops},
  volume={1},
  year={2019}
}

% l1-57
@inproceedings{amerini2019deepfake,
  title={Deepfake video detection through optical flow based cnn},
  author={Amerini, Irene and Galteri, Leonardo and Caldelli, Roberto and Del Bimbo, Alberto},
  booktitle={Proceedings of the IEEE/CVF international conference on computer vision workshops},
  pages={0--0},
  year={2019}
}

% l1-58
@inproceedings{guera2018deepfake,
  title={Deepfake video detection using recurrent neural networks},
  author={G{\"u}era, David and Delp, Edward J},
  booktitle={2018 15th IEEE international conference on advanced video and signal based surveillance (AVSS)},
  pages={1--6},
  year={2018},
  organization={IEEE}
}

% l1-59
@article{sabir2019recurrent,
  title={Recurrent convolutional strategies for face manipulation detection in videos},
  author={Sabir, Ekraam and Cheng, Jiaxin and Jaiswal, Ayush and AbdAlmageed, Wael and Masi, Iacopo and Natarajan, Prem},
  journal={Interfaces (GUI)},
  volume={3},
  number={1},
  pages={80--87},
  year={2019},
  publisher={CVPR Long Beach, CA, USA}
}

% l1-60
@inproceedings{todisco2016new,
  title={A New Feature for Automatic Speaker Verification Anti-Spoofing: Constant Q Cepstral Coefficients.},
  author={Todisco, Massimiliano and Delgado, H{\'e}ctor and Evans, Nicholas WD},
  booktitle={Odyssey},
  volume={2016},
  pages={283--290},
  year={2016}
}

% l1-61
@article{rossler2018faceforensics,
  title={Faceforensics: A large-scale video dataset for forgery detection in human faces},
  author={R{\"o}ssler, Andreas and Cozzolino, Davide and Verdoliva, Luisa and Riess, Christian and Thies, Justus and Nie{\ss}ner, Matthias},
  journal={arXiv preprint arXiv:1803.09179},
  year={2018}
}

% l1-62
@inproceedings{rossler2019faceforensics++,
  title={Faceforensics++: Learning to detect manipulated facial images},
  author={Rossler, Andreas and Cozzolino, Davide and Verdoliva, Luisa and Riess, Christian and Thies, Justus and Nie{\ss}ner, Matthias},
  booktitle={Proceedings of the IEEE/CVF International Conference on Computer Vision},
  pages={1--11},
  year={2019}
}

% l1-63
@article{korshunov2018deepfakes,
  title={Deepfakes: a new threat to face recognition? assessment and detection},
  author={Korshunov, Pavel and Marcel, S{\'e}bastien},
  journal={arXiv preprint arXiv:1812.08685},
  year={2018}
}

% l1-64
@online{list1064,
    title     = "VidTIMIT.",
    url       = "http://conradsanderson.id.au/vidtimit/"
}

% l1-65
@inproceedings{afchar2018mesonet,
  title={Mesonet: a compact facial video forgery detection network},
  author={Afchar, Darius and Nozick, Vincent and Yamagishi, Junichi and Echizen, Isao},
  booktitle={2018 IEEE international workshop on information forensics and security (WIFS)},
  pages={1--7},
  year={2018},
  organization={IEEE}
}

% l1-66
@article{li2019celeb,
  title={Celeb-df: A new dataset for deepfake forensics},
  author={Li, Yuezun and Yang, Xin and Sun, Pu and Qi, Honggang and Lyu, Siwei},
  year={2019}
}

% l1-67
@online{list1067,
    title     = "DeepfakeDetection",
    url       = "https://github.com/ondyari/FaceForensics"
}

% l1-68
@article{dolhansky2019deepfake,
  title={The deepfake detection challenge (dfdc) preview dataset},
  author={Dolhansky, Brian and Howes, Russ and Pflaum, Ben and Baram, Nicole and Ferrer, Cristian Canton},
  journal={arXiv preprint arXiv:1910.08854},
  year={2019}
}

% l1-69
@online{list1069,
    title     = "DFDC.",
    url       = "https://www.kaggle.com/c/deepfake-detection-challenge/data"
}

% l1-70
@inproceedings{jiang2020deeperforensics,
  title={Deeperforensics-1.0: A large-scale dataset for real-world face forgery detection},
  author={Jiang, Liming and Li, Ren and Wu, Wayne and Qian, Chen and Loy, Chen Change},
  booktitle={Proceedings of the IEEE/CVF conference on computer vision and pattern recognition},
  pages={2889--2898},
  year={2020}
}

% l1-71
@online{list1071,
    title     = "ASVspoof 2015 database.",
    url       = "https://datashare.is.ed.ac.uk/handle/10283/853"
}

% l1-72
@online{list1072,
    title     = "ASVspoof 2015 database.",
    url       = "https://datashare.is.ed.ac.uk/handle/10283/853"
}

% l1-73
@article{abu2016youtube,
  title={Youtube-8m: A large-scale video classification benchmark},
  author={Abu-El-Haija, Sami and Kothari, Nisarg and Lee, Joonseok and Natsev, Paul and Toderici, George and Varadarajan, Balakrishnan and Vijayanarasimhan, Sudheendra},
  journal={arXiv preprint arXiv:1609.08675},
  year={2016}
}

% l1-74
@article{amerini2011sift,
  title={A sift-based forensic method for copy--move attack detection and transformation recovery},
  author={Amerini, Irene and Ballan, Lamberto and Caldelli, Roberto and Del Bimbo, Alberto and Serra, Giuseppe},
  journal={IEEE transactions on information forensics and security},
  volume={6},
  number={3},
  pages={1099--1110},
  year={2011},
  publisher={IEEE}
}

% l1-75
@article{de2013exposing,
  title={Exposing digital image forgeries by illumination color classification},
  author={De Carvalho, Tiago Jos{\'e} and Riess, Christian and Angelopoulou, Elli and Pedrini, Helio and de Rezende Rocha, Anderson},
  journal={IEEE Transactions on Information Forensics and Security},
  volume={8},
  number={7},
  pages={1182--1194},
  year={2013},
  publisher={IEEE}
}

% l1-76
@inproceedings{lukavs2006detecting,
  title={Detecting digital image forgeries using sensor pattern noise},
  author={Luk{\'a}{\v{s}}, Jan and Fridrich, Jessica and Goljan, Miroslav},
  booktitle={Security, Steganography, and Watermarking of Multimedia Contents VIII},
  volume={6072},
  pages={362--372},
  year={2006},
  organization={SPIE}
}

% l1-77
@inproceedings{chierchia2011prnu,
  title={PRNU-based detection of small-size image forgeries},
  author={Chierchia, Giovanni and Parrilli, Sara and Poggi, Giovanni and Verdoliva, Luisa and Sansone, Carlo},
  booktitle={2011 17th International Conference on Digital Signal Processing (DSP)},
  pages={1--6},
  year={2011},
  organization={IEEE}
}

% l1-78
@article{fridrich2012rich,
  title={Rich models for steganalysis of digital images},
  author={Fridrich, Jessica and Kodovsky, Jan},
  journal={IEEE Transactions on information Forensics and Security},
  volume={7},
  number={3},
  pages={868--882},
  year={2012},
  publisher={IEEE}
}

% l1-79
@article{wang2014exploring,
  title={Exploring DCT coefficient quantization effects for local tampering detection},
  author={Wang, Wei and Dong, Jing and Tan, Tieniu},
  journal={IEEE Transactions on Information Forensics and Security},
  volume={9},
  number={10},
  pages={1653--1666},
  year={2014},
  publisher={IEEE}
}

% l1-80
@inproceedings{nataraj2009adding,
  title={Adding gaussian noise to “denoise” JPEG for detecting image resizing},
  author={Nataraj, Lakshmanan and Sarkar, Anindya and Manjunath, Bangalore S},
  booktitle={2009 16th IEEE International Conference on Image Processing (ICIP)},
  pages={1493--1496},
  year={2009},
  organization={IEEE}
}

% l1-81
@inproceedings{bianchi2011improved,
  title={Improved DCT coefficient analysis for forgery localization in JPEG images},
  author={Bianchi, Tiziano and De Rosa, Alessia and Piva, Alessandro},
  booktitle={2011 IEEE International Conference on Acoustics, Speech and Signal Processing (ICASSP)},
  pages={2444--2447},
  year={2011},
  organization={IEEE}
}

% l1-82
@inproceedings{pan2012exposing,
  title={Exposing image splicing with inconsistent local noise variances},
  author={Pan, Xunyu and Zhang, Xing and Lyu, Siwei},
  booktitle={2012 IEEE International Conference on Computational Photography (ICCP)},
  pages={1--10},
  year={2012},
  organization={IEEE}
}

% l1-83
@ARTICLE{6210378,
  author={Ferrara, Pasquale and Bianchi, Tiziano and De Rosa, Alessia and Piva, Alessandro},
  journal={IEEE Transactions on Information Forensics and Security}, 
  title={Image Forgery Localization via Fine-Grained Analysis of CFA Artifacts}, 
  year={2012},
  volume={7},
  number={5},
  pages={1566-1577},
  doi={10.1109/TIFS.2012.2202227}}

% l1-84
@article{cozzolino2019noiseprint,
  title={Noiseprint: a CNN-based camera model fingerprint},
  author={Cozzolino, Davide and Verdoliva, Luisa},
  journal={IEEE Transactions on Information Forensics and Security},
  volume={15},
  pages={144--159},
  year={2019},
  publisher={IEEE}
}

% l1-85
@inproceedings{zhou2018learning,
  title={Learning rich features for image manipulation detection},
  author={Zhou, Peng and Han, Xintong and Morariu, Vlad I and Davis, Larry S},
  booktitle={Proceedings of the IEEE conference on computer vision and pattern recognition},
  pages={1053--1061},
  year={2018}
}

% l1-86
@inproceedings{rao2016deep,
  title={A deep learning approach to detection of splicing and copy-move forgeries in images},
  author={Rao, Yuan and Ni, Jiangqun},
  booktitle={2016 IEEE International Workshop on Information Forensics and Security (WIFS)},
  pages={1--6},
  year={2016},
  organization={IEEE}
}

% l1-87
@inproceedings{liu2018deep,
  title={Deep fusion network for splicing forgery localization},
  author={Liu, Bo and Pun, Chi-Man},
  booktitle={Proceedings of the European Conference on Computer Vision (ECCV) Workshops},
  pages={0--0},
  year={2018}
}

% l1-88
@inproceedings{huh2018fighting,
  title={Fighting fake news: Image splice detection via learned self-consistency},
  author={Huh, Minyoung and Liu, Andrew and Owens, Andrew and Efros, Alexei A},
  booktitle={Proceedings of the European conference on computer vision (ECCV)},
  pages={101--117},
  year={2018}
}

% l1-89
@inproceedings{cun2018image,
  title={Image splicing localization via semi-global network and fully connected conditional random fields},
  author={Cun, Xiaodong and Pun, Chi-Man},
  booktitle={Proceedings of the European Conference on Computer Vision (ECCV) Workshops},
  pages={0--0},
  year={2018}
}

% l1-90
@inproceedings{cozzolino2017recasting,
  title={Recasting residual-based local descriptors as convolutional neural networks: an application to image forgery detection},
  author={Cozzolino, Davide and Poggi, Giovanni and Verdoliva, Luisa},
  booktitle={Proceedings of the 5th ACM Workshop on Information Hiding and Multimedia Security},
  pages={159--164},
  year={2017}
}

% l1-91
@inproceedings{chen2018focus,
  title={Focus manipulation detection via photometric histogram analysis},
  author={Chen, Can and McCloskey, Scott and Yu, Jingyi},
  booktitle={Proceedings of the IEEE Conference on Computer Vision and Pattern Recognition},
  pages={1674--1682},
  year={2018}
}

% l1-92
@inproceedings{zhou2017two,
  title={Two-stream neural networks for tampered face detection},
  author={Zhou, Peng and Han, Xintong and Morariu, Vlad I and Davis, Larry S},
  booktitle={2017 IEEE conference on computer vision and pattern recognition workshops (CVPRW)},
  pages={1831--1839},
  year={2017},
  organization={IEEE}
}

% l1-93
@inproceedings{szegedy2015going,
  title={Going deeper with convolutions},
  author={Szegedy, Christian and Liu, Wei and Jia, Yangqing and Sermanet, Pierre and Reed, Scott and Anguelov, Dragomir and Erhan, Dumitru and Vanhoucke, Vincent and Rabinovich, Andrew},
  booktitle={Proceedings of the IEEE conference on computer vision and pattern recognition},
  pages={1--9},
  year={2015}
}

% l1-94
@inproceedings{yang2019exposing,
  title={Exposing deep fakes using inconsistent head poses},
  author={Yang, Xin and Li, Yuezun and Lyu, Siwei},
  booktitle={ICASSP 2019-2019 IEEE International Conference on Acoustics, Speech and Signal Processing (ICASSP)},
  pages={8261--8265},
  year={2019},
  organization={IEEE}
}

% l1-95
@inproceedings{yang2019exposing,
  title={Exposing gan-synthesized faces using landmark locations},
  author={Yang, Xin and Li, Yuezun and Qi, Honggang and Lyu, Siwei},
  booktitle={Proceedings of the ACM Workshop on Information Hiding and Multimedia Security},
  pages={113--118},
  year={2019}
}

% l1-96
@inproceedings{liy2018exposingaicreated,
  title={ExposingAICreated FakeVideosbyDetectingEyeBlinking},
  author={LIY, CHANG M and InIctuOculi, LYUS},
  booktitle={2018IEEEInterG national Workshop on Information Forensics and Security (WIFS). IEEE},
  year={2018}
}

% l1-97
@article{ciftci2020fakecatcher,
  title={Fakecatcher: Detection of synthetic portrait videos using biological signals},
  author={Ciftci, Umur Aybars and Demir, Ilke and Yin, Lijun},
  journal={IEEE Transactions on Pattern Analysis and Machine Intelligence},
  year={2020},
  publisher={IEEE}
}

% l1-98
@inproceedings{fernandes2019predicting,
  title={Predicting heart rate variations of deepfake videos using neural ode},
  author={Fernandes, Steven and Raj, Sunny and Ortiz, Eddy and Vintila, Iustina and Salter, Margaret and Urosevic, Gordana and Jha, Sumit},
  booktitle={Proceedings of the IEEE/CVF international conference on computer vision workshops},
  pages={0--0},
  year={2019}
}

% l1-99
@article{li2018exposing,
  title={Exposing deepfake videos by detecting face warping artifacts},
  author={Li, Yuezun and Lyu, Siwei},
  journal={arXiv preprint arXiv:1811.00656},
  year={2018}
}

% l1-100
@inproceedings{he2016deep,
  title={Deep residual learning for image recognition},
  author={He, Kaiming and Zhang, Xiangyu and Ren, Shaoqing and Sun, Jian},
  booktitle={Proceedings of the IEEE conference on computer vision and pattern recognition},
  pages={770--778},
  year={2016}
}

% l1-101
@online{list1101,
    title     = "Deepfakes.",
    url       = "https://github.com/deepfakes/faceswap"
}

% l1-102
@online{list1102,
    title     = "reface app.",
    url       = "https://hey.reface.ai/"
}

% l1-103
@online{list1103,
    title     = "Deepfake detection challenge.",
    url       = "https://www.kaggle.com/c/deepfake-detection-challenge"
}

% l1-104
@article{girish2019review,
  title={A review on digital video forgery detection techniques in cyber forensics},
  author={Girish, N and Nandini, C},
  journal={Science, Technology and Development},
  volume={3},
  number={6},
  pages={235--239},
  year={2019}
}

% l1-105
@article{nguyen2019deep,
  title={Deep learning for deepfakes creation and detection: A survey},
  author={Nguyen, Thanh Thi and Nguyen, Quoc Viet Hung and Nguyen, Cuong M and Nguyen, Dung and Nguyen, Duc Thanh and Nahavandi, Saeid},
  journal={arXiv preprint arXiv:1909.11573},
  year={2019}
}

% l1-106
@inproceedings{zollhofer2018state,
  title={State of the art on monocular 3D face reconstruction, tracking, and applications},
  author={Zollh{\"o}fer, Michael and Thies, Justus and Garrido, Pablo and Bradley, Derek and Beeler, Thabo and P{\'e}rez, Patrick and Stamminger, Marc and Nie{\ss}ner, Matthias and Theobalt, Christian},
  booktitle={Computer Graphics Forum},
  volume={37},
  number={2},
  pages={523--550},
  year={2018},
  organization={Wiley Online Library}
}

% l1-107
@online{list1107,
    title     = "FaceSwap.",
    url       = "https://github.com/MarekKowalski/FaceSwap/"
}

% l1-108
@inproceedings{dale2011video,
  title={Video face replacement},
  author={Dale, Kevin and Sunkavalli, Kalyan and Johnson, Micah K and Vlasic, Daniel and Matusik, Wojciech and Pfister, Hanspeter},
  booktitle={Proceedings of the 2011 SIGGRAPH Asia conference},
  pages={1--10},
  year={2011}
}

% l1-109
@inproceedings{garrido2014automatic,
  title={Automatic face reenactment},
  author={Garrido, Pablo and Valgaerts, Levi and Rehmsen, Ole and Thormahlen, Thorsten and Perez, Patrick and Theobalt, Christian},
  booktitle={Proceedings of the IEEE conference on computer vision and pattern recognition},
  pages={4217--4224},
  year={2014}
}

% l1-110
@inproceedings{garrido2015vdub,
  title={Vdub: Modifying face video of actors for plausible visual alignment to a dubbed audio track},
  author={Garrido, Pablo and Valgaerts, Levi and Sarmadi, Hamid and Steiner, Ingmar and Varanasi, Kiran and Perez, Patrick and Theobalt, Christian},
  booktitle={Computer graphics forum},
  volume={34},
  number={2},
  pages={193--204},
  year={2015},
  organization={Wiley Online Library}
}

% l1-111
@inproceedings{nirkin2018face,
  title={On face segmentation, face swapping, and face perception},
  author={Nirkin, Yuval and Masi, Iacopo and Tuan, Anh Tran and Hassner, Tal and Medioni, Gerard},
  booktitle={2018 13th IEEE International Conference on Automatic Face \& Gesture Recognition (FG 2018)},
  pages={98--105},
  year={2018},
  organization={IEEE}
}

% l1-112
@inproceedings{lu2017recent,
  title={Recent progress of face image synthesis},
  author={Lu, Zhihe and Li, Zhihang and Cao, Jie and He, Ran and Sun, Zhenan},
  booktitle={2017 4th IAPR Asian Conference on Pattern Recognition (ACPR)},
  pages={7--12},
  year={2017},
  organization={IEEE}
}

% l1-113
@article{goodfellow2014generative,
  title={Generative adversarial nets},
  author={Goodfellow, Ian and Pouget-Abadie, Jean and Mirza, Mehdi and Xu, Bing and Warde-Farley, David and Ozair, Sherjil and Courville, Aaron and Bengio, Yoshua},
  journal={Advances in neural information processing systems},
  volume={27},
  year={2014}
}

% l1-114
@online{list1113,
    title     = "Faceswap-GAN.",
    url       = "https://github.com/shaoanlu/faceswap-GAN"
}

% l1-115
@inproceedings{korshunova2017fast,
  title={Fast face-swap using convolutional neural networks},
  author={Korshunova, Iryna and Shi, Wenzhe and Dambre, Joni and Theis, Lucas},
  booktitle={Proceedings of the IEEE international conference on computer vision},
  pages={3677--3685},
  year={2017}
}

% l1-116
@inproceedings{nirkin2019fsgan,
  title={Fsgan: Subject agnostic face swapping and reenactment},
  author={Nirkin, Yuval and Keller, Yosi and Hassner, Tal},
  booktitle={Proceedings of the IEEE/CVF international conference on computer vision},
  pages={7184--7193},
  year={2019}
}

% l1-117
@inproceedings{choi2018stargan,
  title={Stargan: Unified generative adversarial networks for multi-domain image-to-image translation},
  author={Choi, Yunjey and Choi, Minje and Kim, Munyoung and Ha, Jung-Woo and Kim, Sunghun and Choo, Jaegul},
  booktitle={Proceedings of the IEEE conference on computer vision and pattern recognition},
  pages={8789--8797},
  year={2018}
}

% l1-118
@article{zhang2018stackgan++,
  title={Stackgan++: Realistic image synthesis with stacked generative adversarial networks},
  author={Zhang, Han and Xu, Tao and Li, Hongsheng and Zhang, Shaoting and Wang, Xiaogang and Huang, Xiaolei and Metaxas, Dimitris N},
  journal={IEEE transactions on pattern analysis and machine intelligence},
  volume={41},
  number={8},
  pages={1947--1962},
  year={2018},
  publisher={IEEE}
}

% l1-119
@article{karras2017progressive,
  title={Progressive growing of gans for improved quality, stability, and variation},
  author={Karras, Tero and Aila, Timo and Laine, Samuli and Lehtinen, Jaakko},
  journal={arXiv preprint arXiv:1710.10196},
  year={2017}
}

% l1-120
@inproceedings{antipov2017face,
  title={Face aging with conditional generative adversarial networks},
  author={Antipov, Grigory and Baccouche, Moez and Dugelay, Jean-Luc},
  booktitle={2017 IEEE international conference on image processing (ICIP)},
  pages={2089--2093},
  year={2017},
  organization={IEEE}
}

% l1-121
@article{mirza2014conditional,
  title={Conditional generative adversarial nets},
  author={Mirza, Mehdi and Osindero, Simon},
  journal={arXiv preprint arXiv:1411.1784},
  year={2014}
}

% l1-122
@inproceedings{huang2017beyond,
  title={Beyond face rotation: Global and local perception gan for photorealistic and identity preserving frontal view synthesis},
  author={Huang, Rui and Zhang, Shu and Li, Tianyu and He, Ran},
  booktitle={Proceedings of the IEEE international conference on computer vision},
  pages={2439--2448},
  year={2017}
}

% l1-123
@article{thies2015real,
  title={Real-time expression transfer for facial reenactment.},
  author={Thies, Justus and Zollh{\"o}fer, Michael and Nie{\ss}ner, Matthias and Valgaerts, Levi and Stamminger, Marc and Theobalt, Christian},
  journal={ACM Trans. Graph.},
  volume={34},
  number={6},
  pages={183--1},
  year={2015}
}

% l1-124
@inproceedings{thies2016face2face,
  title={Face2face: Real-time face capture and reenactment of rgb videos},
  author={Thies, Justus and Zollhofer, Michael and Stamminger, Marc and Theobalt, Christian and Nie{\ss}ner, Matthias},
  booktitle={Proceedings of the IEEE conference on computer vision and pattern recognition},
  pages={2387--2395},
  year={2016}
}

% l1-125
@article{thies2018headon,
  title={Headon: Real-time reenactment of human portrait videos},
  author={Thies, Justus and Zollh{\"o}fer, Michael and Theobalt, Christian and Stamminger, Marc and Nie{\ss}ner, Matthias},
  journal={ACM Transactions on Graphics (TOG)},
  volume={37},
  number={4},
  pages={1--13},
  year={2018},
  publisher={ACM New York, NY, USA}
}

% l1-126
@article{kim2018deep,
  title={Deep video portraits},
  author={Kim, Hyeongwoo and Garrido, Pablo and Tewari, Ayush and Xu, Weipeng and Thies, Justus and Niessner, Matthias and P{\'e}rez, Patrick and Richardt, Christian and Zollh{\"o}fer, Michael and Theobalt, Christian},
  journal={ACM Transactions on Graphics (TOG)},
  volume={37},
  number={4},
  pages={1--14},
  year={2018},
  publisher={ACM New York, NY, USA}
}

% l1-127
@article{thies2019deferred,
  title={Deferred neural rendering: Image synthesis using neural textures},
  author={Thies, Justus and Zollh{\"o}fer, Michael and Nie{\ss}ner, Matthias},
  journal={ACM Transactions on Graphics (TOG)},
  volume={38},
  number={4},
  pages={1--12},
  year={2019},
  publisher={ACM New York, NY, USA}
}

% l1-128
@article{10.1145/3072959.3073640,
author = {Suwajanakorn, Supasorn and Seitz, Steven M. and Kemelmacher-Shlizerman, Ira},
title = {Synthesizing Obama: Learning Lip Sync from Audio},
year = {2017},
issue_date = {August 2017},
publisher = {Association for Computing Machinery},
address = {New York, NY, USA},
volume = {36},
number = {4},
issn = {0730-0301},
url = {https://doi.org/10.1145/3072959.3073640},
doi = {10.1145/3072959.3073640},
abstract = {Given audio of President Barack Obama, we synthesize a high quality video of him speaking with accurate lip sync, composited into a target video clip. Trained on many hours of his weekly address footage, a recurrent neural network learns the mapping from raw audio features to mouth shapes. Given the mouth shape at each time instant, we synthesize high quality mouth texture, and composite it with proper 3D pose matching to change what he appears to be saying in a target video to match the input audio track. Our approach produces photorealistic results.},
journal = {ACM Trans. Graph.},
month = {jul},
articleno = {95},
numpages = {13},
keywords = {audiovisual speech, LSTM, face synthesis, videos, audio, big data, uncanny valley, RNN, lip sync}
}

% l1-129
@InProceedings{Zakharov_2019_ICCV,
author = {Zakharov, Egor and Shysheya, Aliaksandra and Burkov, Egor and Lempitsky, Victor},
title = {Few-Shot Adversarial Learning of Realistic Neural Talking Head Models},
booktitle = {Proceedings of the IEEE/CVF International Conference on Computer Vision (ICCV)},
month = {October},
year = {2019}
}

% l1-130
@article{10.1145/3306346.3323028,
author = {Fried, Ohad and Tewari, Ayush and Zollh\"{o}fer, Michael and Finkelstein, Adam and Shechtman, Eli and Goldman, Dan B and Genova, Kyle and Jin, Zeyu and Theobalt, Christian and Agrawala, Maneesh},
title = {Text-Based Editing of Talking-Head Video},
year = {2019},
issue_date = {August 2019},
publisher = {Association for Computing Machinery},
address = {New York, NY, USA},
volume = {38},
number = {4},
issn = {0730-0301},
url = {https://doi.org/10.1145/3306346.3323028},
doi = {10.1145/3306346.3323028},
abstract = {Editing talking-head video to change the speech content or to remove filler words is challenging. We propose a novel method to edit talking-head video based on its transcript to produce a realistic output video in which the dialogue of the speaker has been modified, while maintaining a seamless audio-visual flow (i.e. no jump cuts). Our method automatically annotates an input talking-head video with phonemes, visemes, 3D face pose and geometry, reflectance, expression and scene illumination per frame. To edit a video, the user has to only edit the transcript, and an optimization strategy then chooses segments of the input corpus as base material. The annotated parameters corresponding to the selected segments are seamlessly stitched together and used to produce an intermediate video representation in which the lower half of the face is rendered with a parametric face model. Finally, a recurrent video generation network transforms this representation to a photorealistic video that matches the edited transcript. We demonstrate a large variety of edits, such as the addition, removal, and alteration of words, as well as convincing language translation and full sentence synthesis.},
journal = {ACM Trans. Graph.},
month = {jul},
articleno = {68},
numpages = {14},
keywords = {visemes, neural rendering, dubbing, face parameterization, talking heads, face tracking, text-based video editing}
}

% l1-131
@article{10.1145/3130800.3130818,
author = {Averbuch-Elor, Hadar and Cohen-Or, Daniel and Kopf, Johannes and Cohen, Michael F.},
title = {Bringing Portraits to Life},
year = {2017},
issue_date = {December 2017},
publisher = {Association for Computing Machinery},
address = {New York, NY, USA},
volume = {36},
number = {6},
issn = {0730-0301},
url = {https://doi.org/10.1145/3130800.3130818},
doi = {10.1145/3130800.3130818},
abstract = {We present a technique to automatically animate a still portrait, making it possible for the subject in the photo to come to life and express various emotions. We use a driving video (of a different subject) and develop means to transfer the expressiveness of the subject in the driving video to the target portrait. In contrast to previous work that requires an input video of the target face to reenact a facial performance, our technique uses only a single target image. We animate the target image through 2D warps that imitate the facial transformations in the driving video. As warps alone do not carry the full expressiveness of the face, we add fine-scale dynamic details which are commonly associated with facial expressions such as creases and wrinkles. Furthermore, we hallucinate regions that are hidden in the input target face, most notably in the inner mouth. Our technique gives rise to reactive profiles, where people in still images can automatically interact with their viewers. We demonstrate our technique operating on numerous still portraits from the internet.},
journal = {ACM Trans. Graph.},
month = {nov},
articleno = {196},
numpages = {13},
keywords = {face animation, facial reenactment}
}

% l1-132
@inproceedings{NIPS2017_3fd60983,
 author = {Lample, Guillaume and Zeghidour, Neil and Usunier, Nicolas and Bordes, Antoine and DENOYER, Ludovic and Ranzato, Marc\textquotesingle Aurelio},
 booktitle = {Advances in Neural Information Processing Systems},
 editor = {I. Guyon and U. V. Luxburg and S. Bengio and H. Wallach and R. Fergus and S. Vishwanathan and R. Garnett},
 pages = {},
 publisher = {Curran Associates, Inc.},
 title = {Fader Networks:Manipulating Images by Sliding Attributes},
 url = {https://proceedings.neurips.cc/paper/2017/file/3fd60983292458bf7dee75f12d5e9e05-Paper.pdf},
 volume = {30},
 year = {2017}
}

% l1-133
@article{oord2016wavenet,
  title={Wavenet: A generative model for raw audio},
  author={Oord, Aaron van den and Dieleman, Sander and Zen, Heiga and Simonyan, Karen and Vinyals, Oriol and Graves, Alex and Kalchbrenner, Nal and Senior, Andrew and Kavukcuoglu, Koray},
  journal={arXiv preprint arXiv:1609.03499},
  year={2016}
}

% l1-134
@inproceedings{arik2017deep,
  title={Deep voice: Real-time neural text-to-speech},
  author={Ar{\i}k, Sercan {\"O} and Chrzanowski, Mike and Coates, Adam and Diamos, Gregory and Gibiansky, Andrew and Kang, Yongguo and Li, Xian and Miller, John and Ng, Andrew and Raiman, Jonathan and others},
  booktitle={International Conference on Machine Learning},
  pages={195--204},
  year={2017},
  organization={PMLR}
}

% l1-135
@article{wang2017tacotron,
  title={Tacotron: Towards end-to-end speech synthesis},
  author={Wang, Yuxuan and Skerry-Ryan, RJ and Stanton, Daisy and Wu, Yonghui and Weiss, Ron J and Jaitly, Navdeep and Yang, Zongheng and Xiao, Ying and Chen, Zhifeng and Bengio, Samy and others},
  journal={arXiv preprint arXiv:1703.10135},
  year={2017}
}

% l1-136
@article{gibiansky2017deep,
  title={Deep voice 2: Multi-speaker neural text-to-speech},
  author={Gibiansky, Andrew and Arik, Sercan and Diamos, Gregory and Miller, John and Peng, Kainan and Ping, Wei and Raiman, Jonathan and Zhou, Yanqi},
  journal={Advances in neural information processing systems},
  volume={30},
  year={2017}
}

% l1-137
@article{ping2017deep,
  title={Deep Voice 3: 2000-Speaker Neural Text-to-Speech.},
  author={Ping, Wei and Peng, Kainan and Gibiansky, Andrew and Arik, Sercan {\"O}mer and Kannan, Ajay and Narang, Sharan and Raiman, Jonathan and Miller, John},
  year={2017}
}

% l1-138
@article{pascual2017segan,
  title={SEGAN: Speech enhancement generative adversarial network},
  author={Pascual, Santiago and Bonafonte, Antonio and Serra, Joan},
  journal={arXiv preprint arXiv:1703.09452},
  year={2017}
}

% l1-139
@article{donahue2018adversarial,
  title={Adversarial audio synthesis},
  author={Donahue, Chris and McAuley, Julian and Puckette, Miller},
  journal={arXiv preprint arXiv:1802.04208},
  year={2018}
}

% l1-140
@article{li2020deepfakes,
  title={A Deepfakes detection technique based on two-stream network},
  author={LI, Xurong and YU, Kun},
  journal={Journal of Cyber Security},
  volume={5},
  number={2},
  pages={84--91},
  year={2020},
  publisher={Beijing Zhongke Journal Publising Co. Ltd.}
}

% l1-141
@online{list1141,
    title     = "FakeApp.",
    url       = "https://www.deepfakescn.com"
}

% l1-142
@online{list1142,
    title     = "Faceapp.",
    url       = "https://www.faceapp.com/"
}

% l1-143
@online{list1143,
    title     = "DeepFaceLab.",
    url       = "https://github.com/iperov/DeepFaceLab"
}

% l1-144
@online{list1144,
    title     = "Dfaker.",
    url       = "https://github.com/dfaker/df"
}

% l1-145
@online{list1145,
    title     = "DeepFake-tf.",
    url       = "https://github.com/StromWine/DeepFake-tf"
}

% l1-146
@online{list1146,
    title     = "Faceswap-Deepfake-Pytorch.",
    url       = "https://github.com/Oldpan/Faceswap-Deepfake-Pytorch"
}

% l1-147
@online{list1147,
    title     = "Deep-voice-conversion.",
    url       = "https://github.com/andabi/deep-voice-conversion"
}

% l1-148
@online{list1148,
    title     = "MelNet.",
    url       = "https://sjvasquez.github.io/blog/melnet/"
}

% l1-149
@inproceedings{matern2019exploiting,
  title={Exploiting visual artifacts to expose deepfakes and face manipulations},
  author={Matern, Falko and Riess, Christian and Stamminger, Marc},
  booktitle={2019 IEEE Winter Applications of Computer Vision Workshops (WACVW)},
  pages={83--92},
  year={2019},
  organization={IEEE}
}




